@book{Rome,
  title={The spice trade of the {R}oman {E}mpire, 29 {BC} To {AD} 641},
  author={Miller, James Innes},
  year={1969},
  publisher={Oxford University Press, Clarendon},
  address={London}
}
@incollection{MST,
      author = "Paul Freedman",
      title = "The medieval spice trade",
      booktitle = "{The Oxford handbook of food history}",
      year = "2012",
      month = "November",
      publisher = "Oxford University Press",
      isbn = "9780199729937",
}
@misc{Cinnamon,
	title = "Cinnamon",
	author = "Encyclopaedia~Britannica",
	howpublished = "\url{https://www.britannica.com/plant/cinnamon}",
	note = {Accessed 12 February},
	year = {2020}
	}
@misc{Abbasid,
	title = {Abb\={a}sid caliphate},
	author = "Encyclopaedia~Britannica",
	howpublished = "\url{https://www.britannica.com/topic/Abbasid-caliphate}",
	note = {Accessed 16 February},
	year = {2020}
	}
@misc{Umayyad,
	title = {Ummayad Dynasty},
	author = "Encyclopaedia~Britannica and Asma Afsaruddin",
	howpublished = "\url{https://www.britannica.com/topic/Umayyad-dynasty-Islamic-history}",
	note = {Accessed 17 February},
	year = {2020}
	}
@misc{Muhammad,
	title = {Muhammad},
	author = "Encyclopaedia~Britannica and Nicolai Sinai and William Montgomery Watt",
	howpublished = "\url{https://www.britannica.com/biography/Muhammad}",
	note = {Accessed 17 February},
	year = {2020}
	}
@misc{India,
	title = {India},
	author = "Encyclopaedia~Britannica and others",
	howpublished = "\url{https://www.britannica.com/place/India}",
	note = {Accessed 17 February},
	year = {2020}
	}
@misc{Delhi,
	title = {Delhi Sultanate},
	author = "Encyclopaedia~Britannica",
	howpublished = "\url{https://www.britannica.com/place/Delhi-sultanate}",
	note = {Accessed 17 February},
	year = {2020}
	}
	
@article{RIS,
title = "The Roman and Islamic spice trade: New archaeological evidence",
journal = "Journal of Ethnopharmacology",
volume = "167",
pages = "54 - 63",
year = "2015",
author = "Marijke Van der Veen and Jacob Morales"}
@misc{RG,
title ="Gems",
author ="Cornell~Collections~of~Antiquities",
publisher ="Cornell~University~Library",
address="Ithaca, New York",
url="https://antiquities.library.cornell.edu/gems"}
@misc{Madagascar,
url = "https://www.lonelyplanet.com/madagascar/history",
title = "History of {M}adagascar",
author ="Lonely~Planet",
address ="Franklin, Tennesse",
}
@misc{OcEo,
   author = "Wikipedia",
   title = "{Ã“c Eo} --- {W}ikipedia{,} The Free Encyclopedia",
   year = "2020",
   howpublished = {\url{http://en.wikipedia.org/w/index.php?title=\%C3\%93c\%20Eo&oldid=931898072}},
   note = "[Accessed 14~February~2020]"
 }
@Article{Indonesia,
author = {Sebastian Partogi},
title = {SPICE TRAILS: Indonesian spice trade, now and then},
journal = {The Jakarta Post},
year = {2017},
note = {\url{https://www.thejakartapost.com/adv/2017/08/18/spice-trails-indonesian-spice-trade-now-and-then.html}},
}
@Article{SilkRome,
author = {N.~S. Gill},
title = {Parthians and the silk trade},
journal = {ThoughtCo.},
year = {2020},
note = {\url{https://www.thoughtco.com/parthians-intermediaries-china-rome-silk-trade-117682}}
}
@book{curtin_1984, place={Cambridge}, series={Studies in Comparative World History}, title={Cross-Cultural Trade in World History}, DOI={10.1017/CBO9780511661198}, publisher={Cambridge University Press}, author={Curtin, Philip D.}, year={1984}, collection={Studies in Comparative World History}}
@online{SilkRoadIslam,
author = {The~Division~of~Asia~Collections~at~Kroch~Library},
title = {The Silk Road and Islam Spread},
year = {2016},
url = {http://guides.library.cornell.edu/IslamAsiaExhibit/SilkRoadIslam},
subtitle = {Spread of Islam along the Silk Road},
organization = {Cornell University},
urldate = {2020-2-17},
}
@book{Lapidus,
  title={A history of Islamic societies},
  author={Lapidus, Ira M},
  year={2002},
  publisher={Cambridge University Press}
}
